<record xmlns="http://www.loc.gov/MARC21/slim" xmlns:xsi="http://www.w3.org/2001/XMLSchema-instance" xsi:schemaLocation="http://www.loc.gov/MARC21/slim http://www.loc.gov/standards/marcxml/schema/MARC21slim.xsd"><leader>01075cz   2200169n  4500</leader><controlfield tag="001">oca01227674 </controlfield><controlfield tag="005">19911016053935.3</controlfield><controlfield tag="008">841119n| acannaab|          |a aaa |||  </controlfield><datafield ind1=" " ind2=" " tag="010"><subfield code="a">n  84175578 </subfield></datafield><datafield ind1=" " ind2=" " tag="040"><subfield code="a">DLC</subfield><subfield code="c">DLC</subfield><subfield code="d">InU</subfield></datafield><datafield ind1="1" ind2=" " tag="100"><subfield code="a">Hyginus, C. Julius.</subfield></datafield><datafield ind1="1" ind2=" " tag="400"><subfield code="a">Hyginus, Gaius Julius</subfield></datafield><datafield ind1="1" ind2=" " tag="400"><subfield code="a">Igino, C. Giulio</subfield></datafield><datafield ind1=" " ind2=" " tag="670"><subfield code="a">Hyginus. L'astronomie, 1983:</subfield><subfield code="b">p. xxxii, etc. (C. Julius Hyginus; librarian to Augustus; originally from Spain, perhaps Alexandria; brought as slave to Rome by Caesar ca. 45 at age 19; freedman; wrote De Apibus, De Agricultura; several scholars attribute authorship of De Astronomica to the librarian)</subfield></datafield><datafield ind1=" " ind2=" " tag="670"><subfield code="a">Oxf. class. dic., 1970</subfield><subfield code="b">(Hyginus (1) Gaius Julius; Spaniard, perhaps from Alexandria; brought to Rome by Caesar; freedman of Augustus; wrote De Agricultura, De Apibus. (3) two extant Latin works cannot be identified with Augustus' freedman; (a) Genealogiae, usual title: Fabulae; (b) a manual of astronomy)</subfield></datafield><datafield ind1=" " ind2=" " tag="670"><subfield code="a">LC data base, 11-13-84</subfield><subfield code="b">(hdg.: Hyginus, C. Julius)</subfield></datafield><datafield ind1=" " ind2=" " tag="670"><subfield code="a">Hyginus. L'astronomia, 1988:</subfield><subfield code="b">t.p. (C. Giulio Igino)</subfield></datafield></record>